<record><leader>00000cas a2200000 i 4500</leader><controlfield tag="001">28731150</controlfield><controlfield tag="008">930901d19801981scuwr ne      0    0eng c</controlfield><datafield ind1=" " ind2=" " tag="010"><subfield code="a">sn 93067925 </subfield></datafield><datafield ind1=" " ind2=" " tag="040"><subfield code="a">SVN</subfield><subfield code="b">eng</subfield><subfield code="e">rda</subfield><subfield code="c">SVN</subfield><subfield code="d">OCLCQ</subfield><subfield code="d">SUC</subfield><subfield code="d">OCLCF</subfield></datafield><datafield ind1="1" ind2=" " tag="029"><subfield code="a">AU@</subfield><subfield code="b">000025896005</subfield></datafield><datafield ind1=" " ind2=" " tag="042"><subfield code="a">msc</subfield></datafield><datafield ind1=" " ind2=" " tag="043"><subfield code="a">n-us-sc</subfield></datafield><datafield ind1="0" ind2="4" tag="245"><subfield code="a">The Allendale County news leader.</subfield></datafield><datafield ind1=" " ind2="1" tag="264"><subfield code="a">Allendale, South Carolina :</subfield><subfield code="b">Kilgus Printing Company</subfield></datafield><datafield ind1=" " ind2=" " tag="300"><subfield code="a">2 volumes</subfield></datafield><datafield ind1=" " ind2=" " tag="310"><subfield code="a">Weekly</subfield></datafield><datafield ind1=" " ind2=" " tag="336"><subfield code="a">text</subfield><subfield code="2">rdacontent</subfield></datafield><datafield ind1=" " ind2=" " tag="337"><subfield code="a">unmediated</subfield><subfield code="2">rdamedia</subfield></datafield><datafield ind1=" " ind2=" " tag="338"><subfield code="a">volume</subfield><subfield code="2">rdacarrier</subfield></datafield><datafield ind1="1" ind2=" " tag="362"><subfield code="a">Began with February 13, 1980; ceased with November 25, 1981.</subfield></datafield><datafield ind1=" " ind2=" " tag="500"><subfield code="a">"Serving Allendale, Fairfaix, Martin, Sycamore, Ulmer, Kline, Brunson."</subfield></datafield><datafield ind1=" " ind2=" " tag="588"><subfield code="a">Description based on: Volume I, Number I (February 13, 1980); title from masthead.</subfield></datafield><datafield ind1=" " ind2=" " tag="588"><subfield code="a">Latest issue consulted: Volume 2, Number 47 (November 25, 1981).</subfield></datafield><datafield ind1=" " ind2="0" tag="651"><subfield code="a">Allendale County (S.C.)</subfield><subfield code="v">Newspapers.</subfield></datafield><datafield ind1=" " ind2="7" tag="655"><subfield code="a">Newspapers.</subfield><subfield code="2">fast</subfield><subfield code="0">(OCoLC)fst01423814</subfield></datafield><datafield ind1=" " ind2="7" tag="651"><subfield code="a">South Carolina</subfield><subfield code="z">Allendale County.</subfield><subfield code="2">fast</subfield><subfield code="0">(OCoLC)fst01221069</subfield></datafield><datafield ind1=" " ind2=" " tag="752"><subfield code="a">United States</subfield><subfield code="b">South Carolina</subfield><subfield code="c">Allendale</subfield><subfield code="d">Allendale.</subfield></datafield><datafield ind1="0" ind2="7" tag="785"><subfield code="t">Allendale County citizen</subfield><subfield code="w">(DLC)sn 86063798</subfield><subfield code="w">(OCoLC)13641019</subfield></datafield><datafield ind1="0" ind2="7" tag="785"><subfield code="t">Allendale County citizen leader</subfield><subfield code="w">(DLC)sn 93067941</subfield><subfield code="w">(OCoLC)28731157</subfield></datafield></record>